@misc{wiki:latex,
    author = "Wikipedia",
    title = "latex",
    year = "2015",
    month = "September",
    url = "\url{https://en.wikibooks.org/wiki/LaTeX}" 
}